@inproceedings{minizinc:2007,
  author = {N. Nethercote and P.J. Stuckey and R. Becket and S. Brand and G.J.
            Duck and G. Tack},
  title = {MiniZinc: Towards a standard CP modelling language},
  booktitle = {Proceedings of the 13th International Conference on Principles
               and Practice of Constraint Programming},
  editor = {C. Bessiere},
  series = {LNCS},
  volume = {4741},
  pages = {529--543},
  publisher = {Springer},
  year = {2007},
}

@software{hyperfine:2023,
  author = {Peter, David},
  license = {MIT},
  month = mar,
  title = {{hyperfine}},
  url = {https://github.com/sharkdp/hyperfine},
  version = {1.16.1},
  year = {2023},
}

